<?xml version="1.0" encoding="UTF-8"?>
<marc:record xmlns:marc="http://www.loc.gov/MARC21/slim" xmlns:xsi="http://www.w3.org/2001/XMLSchema-instance" xsi:schemaLocation="http://www.loc.gov/standards/marcxml/schema/MARC21slim.xsd">
  <marc:controlfield tag="001">pe30040598</marc:controlfield>
  <marc:controlfield tag="003">DE-633</marc:controlfield>
  <marc:controlfield tag="005">20210325090658.0</marc:controlfield>
  <marc:controlfield tag="008">161109n|||||||a||| a</marc:controlfield>
  <marc:datafield tag="040" ind1=" " ind2=" ">
    <marc:subfield code="a">DE-633</marc:subfield>
  </marc:datafield>
  <marc:datafield tag="042" ind1=" " ind2=" ">
    <marc:subfield code="a">individualized</marc:subfield>
  </marc:datafield>
  <marc:datafield tag="100" ind1="1" ind2=" ">
    <marc:subfield code="a">Kottritsch, Franciszek</marc:subfield>
    <marc:subfield code="d">1727c-1787</marc:subfield>
    <marc:subfield code="w">y</marc:subfield>
  </marc:datafield>
  <marc:datafield tag="375" ind1=" " ind2=" ">
    <marc:subfield code="a">male</marc:subfield>
  </marc:datafield>
  <marc:datafield tag="550" ind1=" " ind2=" ">
    <marc:subfield code="a">Oboist</marc:subfield>
    <marc:subfield code="i">profession</marc:subfield>
  </marc:datafield>
  <marc:datafield tag="550" ind1=" " ind2=" ">
    <marc:subfield code="a">Composer</marc:subfield>
    <marc:subfield code="i">profession</marc:subfield>
  </marc:datafield>
  <marc:datafield tag="550" ind1=" " ind2=" ">
    <marc:subfield code="a">Copyist</marc:subfield>
    <marc:subfield code="i">profession</marc:subfield>
  </marc:datafield>
  <marc:datafield tag="550" ind1=" " ind2=" ">
    <marc:subfield code="a">Performer</marc:subfield>
    <marc:subfield code="i">profession</marc:subfield>
  </marc:datafield>
  <marc:datafield tag="670" ind1=" " ind2=" ">
    <marc:subfield code="a">DEUMM/b suppl.</marc:subfield>
    <marc:subfield code="b">0</marc:subfield>
    <marc:subfield code="w">2957</marc:subfield>
  </marc:datafield>
  <marc:datafield tag="670" ind1=" " ind2=" ">
    <marc:subfield code="a">DEUMM/b</marc:subfield>
    <marc:subfield code="b">0</marc:subfield>
    <marc:subfield code="w">1577</marc:subfield>
  </marc:datafield>
  <marc:datafield tag="670" ind1=" " ind2=" ">
    <marc:subfield code="a">EitnerQ</marc:subfield>
    <marc:subfield code="b">0</marc:subfield>
    <marc:subfield code="w">1272</marc:subfield>
  </marc:datafield>
  <marc:datafield tag="670" ind1=" " ind2=" ">
    <marc:subfield code="a">Grove|6</marc:subfield>
    <marc:subfield code="b">0</marc:subfield>
    <marc:subfield code="w">1258</marc:subfield>
  </marc:datafield>
  <marc:datafield tag="670" ind1=" " ind2=" ">
    <marc:subfield code="a">Grove|7</marc:subfield>
    <marc:subfield code="b">0</marc:subfield>
    <marc:subfield code="w">3072</marc:subfield>
  </marc:datafield>
  <marc:datafield tag="670" ind1=" " ind2=" ">
    <marc:subfield code="a">MGG suppl.</marc:subfield>
    <marc:subfield code="b">0</marc:subfield>
    <marc:subfield code="w">2495</marc:subfield>
  </marc:datafield>
  <marc:datafield tag="670" ind1=" " ind2=" ">
    <marc:subfield code="a">MGG</marc:subfield>
    <marc:subfield code="b">0</marc:subfield>
    <marc:subfield code="w">1263</marc:subfield>
  </marc:datafield>
  <marc:datafield tag="670" ind1=" " ind2=" ">
    <marc:subfield code="a">MGG|2 suppl.</marc:subfield>
    <marc:subfield code="b">0</marc:subfield>
    <marc:subfield code="w">30020107</marc:subfield>
  </marc:datafield>
  <marc:datafield tag="670" ind1=" " ind2=" ">
    <marc:subfield code="a">MGG|2/p</marc:subfield>
    <marc:subfield code="b">0</marc:subfield>
    <marc:subfield code="w">3828</marc:subfield>
  </marc:datafield>
  <marc:datafield tag="670" ind1=" " ind2=" ">
    <marc:subfield code="a">MGG|2/s</marc:subfield>
    <marc:subfield code="b">0</marc:subfield>
    <marc:subfield code="w">1290</marc:subfield>
  </marc:datafield>
  <marc:datafield tag="670" ind1=" " ind2=" ">
    <marc:subfield code="a">RiemannL|1|2/p suppl.</marc:subfield>
    <marc:subfield code="b">0</marc:subfield>
    <marc:subfield code="w">2496</marc:subfield>
  </marc:datafield>
  <marc:datafield tag="670" ind1=" " ind2=" ">
    <marc:subfield code="a">RiemannL|1|2/p</marc:subfield>
    <marc:subfield code="b">0</marc:subfield>
    <marc:subfield code="w">408</marc:subfield>
  </marc:datafield>
  <marc:datafield tag="670" ind1=" " ind2=" ">
    <marc:subfield code="a">ČSHS</marc:subfield>
    <marc:subfield code="b">0</marc:subfield>
    <marc:subfield code="w">1625</marc:subfield>
  </marc:datafield>
</marc:record>
